@book{fourozan10,
	author = {FOUROZAN, Behrouz A.},
	title = {Comunicação de dados e redes de computadores},
	publisher = AMGH Editora Ltda,
	year = 2010,
	edition = 4ª edição 
}
@book{comer,
	author = {COMER, Douglas E.},
	title = {Redes de computadores e internet},
	publisher = Bookman,
	year = 2016,
	edition = 6ª edição 
}
